@techreport{bonnema2025flexible,
  title={Flexible Integration of Diverse HVAC Technologies in EnergyPlus via Python-Enabled Workflows},
  author={Bonnema, Eric and Allen, Amy and Lee, Edwin and Mitchell, Matt and Meyer, Ryan},
  year={2025},
  institution={National Renewable Energy Lab.(NREL), Golden, CO (United States)}
}

@article{wang2024interactive,
  title={The interactive indoor-outdoor building energy modeling for enhancing the predictions of urban microclimates and building energy demands},
  author={Wang, Liping and Wu, Lichen and Norford, Leslie Keith and Aliabadi, Amir A and Lee, Edwin},
  journal={Building and Environment},
  volume={248},
  pages={111059},
  year={2024},
  publisher={Pergamon}
}

@article{davies2023high,
  title={A High-Speed Portable Ground Heat Exchanger Model for Use in Various Energy Simulation Software},
  author={Davies, Ryan and Mitchell, Matt and Lee, Edwin},
  journal={Macalester Journal of Physics and Astronomy},
  volume={11},
  number={1},
  pages={4},
  year={2023}
}

@techreport{piette2018bayren,
  title={The BayREN Integrated Commercial Retrofits (BRICR) Project: An Introduction and Preliminary Results},
  author={Piette, M and Hooper, B and Hong, T and Macumber, D and Lee, SH and Chen, Y and Long, N and Lee, E and Dela Cruz, IR and Piette, MA and others},
  year={2018},
  institution={Lawrence Berkeley National Lab.(LBNL), Berkeley, CA (United States)}
}

@article{fontanini2018predicting,
  title={Predicting the performance of radiant technologies in attics: Reducing the discrepancies between attic specific and whole-building energy models},
  author={Fontanini, Anthony D and Aguilar, Jose L Castro and Mitchell, Matt S and Kosny, Jan and Merket, Noel and DeGraw, Jason W and Lee, Edwin},
  journal={Energy and Buildings},
  volume={169},
  pages={69--83},
  year={2018},
  publisher={Elsevier}
}

@article{studer2018leveraging,
  title={Leveraging Shore-Side, Building Energy Simulation Tools for Use in the Shipboard Environment},
  author={Studer, Daniel and Barkyoumb, John H and Lee, Edwin and Ball, Brian L and Frank, Stephen and Holland, Eugene and Green, Jeffrey and Robinson, William and Brown, Jeff and Golda, Jennifer},
  journal={Naval Engineers Journal},
  volume={130},
  number={2},
  pages={129--140},
  year={2018},
  publisher={American Society of Naval Engineers}
}

@inproceedings{goldwasser2016life,
  title={The life cycle of an openstudio measure: Development, testing, distribution, and application},
  author={Goldwasser, David and Macumber, Daniel and Parker, Andrew and Lee, Edwin and Guglielmetti, Rob and Brackney, Larry},
  booktitle={ASHRAE \& IBPSA-USA SimBuild Conference 2016},
  volume={7},
  pages={222--229},
  year={2016},
  organization={ASHRAE/IBPSA-USA}
}

@article{raftery2014effects,
  title={Effects of furniture and contents on peak cooling load},
  author={Raftery, Paul and Lee, Edwin and Webster, Tom and Hoyt, Tyler and Bauman, Fred},
  journal={Energy and Buildings},
  volume={85},
  pages={445--457},
  year={2014},
  publisher={Elsevier}
}

@techreport{studer2014enabling,
  title={Enabling Detailed Energy Analyses via the Technology Performance Exchange},
  author={Studer, Daniel and Fleming, Katherine and Lee, Edwin and Livingood, William},
  year={2014},
  institution={National Renewable Energy Lab.(NREL), Golden, CO (United States)}
}

@phdthesis{lee2013improved,
  title={An improved hydronic loop system solution algorithm with a zone-coupled horizontal ground heat exchanger model for whole building energy simulation},
  author={Lee, Edwin Scott},
  year={2013},
  school={Oklahoma State University}
}

@article{lee2013efficient,
  title={Efficient horizontal ground heat exchanger simulation with zone heat balance integration},
  author={Lee, Edwin S and Fisher, Daniel E and Spitler, Jeffrey D},
  journal={HVAC\&R Research},
  volume={19},
  number={3},
  pages={307--323},
  year={2013},
  publisher={Taylor \& Francis Group}
}

@article{xiong2013development,
  title={Development of a horizontal slinky ground heat exchanger model},
  author={Xiong, Zeyu and Lee, Edwin S and Fisher, Daniel E},
  journal={ASHRAE transactions},
  volume={119},
  number={2},
  year={2013},
  publisher={American Society of Heating, Refrigerating, and Air-Conditioning Engineers~…}
}

@article{chandrasekharan2013enhanced,
  title={An enhanced simulation model for building envelopes with phase change materials},
  author={Chandrasekharan, Ramprasad and Lee, Edwin S and Fisher, Daniel E and Deoka, Pratik S},
  journal={ASHRAE Transactions},
  volume={119},
  number={2},
  year={2013},
  publisher={American Society of Heating, Refrigerating, and Air-Conditioning Engineers~…}
}

@article{cullin2013preliminary,
  title={Preliminary investigation of the effect of horizontal piping on the performance of a vertical ground heat exchanger system},
  author={Cullin, James R and Lee, Edwin and others},
  journal={ASHRAE Transactions},
  volume={119},
  pages={302},
  year={2013},
  publisher={American Society of Heating, Refrigeration and Air Conditioning Engineers, Inc.}
}

@article{cullin2012feasibility,
  title={Feasibility of Foundation Heat Exchangers for Residential Ground Source Heat Pump Systems in the United States.},
  author={Cullin, James R and Xing, Lu and Lee, Edwin and Spitler, Jeffrey D and Fisher, Daniel E},
  journal={ASHRAE Transactions},
  volume={118},
  number={1},
  year={2012}
}

@article{webster2012influence,
  title={Influence of design and operating conditions on underfloor air distribution (UFAD) system performance},
  author={Webster, Tom and Hoyt, Tyler and Lee, Edwin and Daly, Allen and Bauman, Fred and Schiavon, Stefano and Lee, Kwang Ho and Pasut, Wilmer and Fisher, Dan},
  year={2012}
}

@techreport{gu2011advancement,
  title={Advancement of DOE's EnergyPlus Building Energy Simulation Program},
  author={Gu, Lixing and Shirey, Don and Raustad, Richard and Nigusse, Bereket and Sharma, Chandan and Lawrie, Linda and Strand, Rich and Pedersen, Curt and Fisher, Dan and Lee, Edwin and others},
  year={2011},
  institution={University Of Central Florida}
}

@inproceedings{kosny2010theoretical,
  title={Theoretical and experimental thermal performance analysis of building shell components containing blown fiberglass insulation enhanced with phase-change material (PCM)},
  author={Kosny, Jan and Yarbrough, David and Childs, Phil and Shrestha, Som and Miller, William and Atchley, Jerry and Bianchi, Marcus and Smith, John and Fellinger, Tom and Kossecka, Elizabeth and others},
  booktitle={11th International Conference on Thermal Performance of the Exterior Envelopes of Whole Buildings, Buildings XI},
  year={2010}
}

@inproceedings{spitler2009preliminary,
  title={Preliminary intermodel comparison of ground heat exchanger simulation models},
  author={Spitler, JD and Cullin, J and Bernier, M and Kummert, M and Cui, P and Liu, X and Lee, E and Fisher, D},
  booktitle={Proceedings of 11th International Conference on Thermal Energy Storage},
  volume={6},
  pages={14--17},
  year={2009},
  organization={Stockholm: Effstock}
}

@inproceedings{kosny2009analysis,
  title={Analysis of the dynamic thermal performance of fiberous insulations containing phase change materials},
  author={Ko{\'s}ny, Jan and Yarbrough, David W and Miller, William A and Wilkes, Kenneth E and Lee, Edwin S},
  booktitle={11th International Conference on Thermal Energy Storage, Effstock},
  year={2009}
}

@article{cremaschi2008design,
  title={Design and Heat Transfer Analysis of a New Psychrometric Environmental (Ihamber Testing},
  author={Cremaschi, Lorenzo and Lee, Edwin},
  journal={Transactions},
  volume={114},
  number={2},
  pages={619--631},
  year={2008}
}

@mastersthesis{lee2008development,
  title={Development, verification, and implementation of a horizontal buried pipe ground heat transfer model in EnergyPlus},
  author={Lee, Edwin},
  year={2008},
  school={Oklahoma State University}
}
